%% www-section: category
%% www-git    : code url
%% www-url    : proj webpage

@string{sec-auditing = "Auditing"}
@string{sec-recovery = "Recovery"}
@string{sec-syssec   = "System Security"}
@string{sec-sandbox  = "Sandbox"}
@string{sec-testing  = "Testing"}
@string{sec-cloud    = "Cloud"}
@string{sec-fs       = "File system"}
@string{sec-cellular = "Cellular Network"}

%% 2015
@InProceedings{xu:ucognito,
  title         = {{UCognito: Private Browsing without Tears} (to appear)},
  author        = {Meng Xu and Yeongjin Jang and Xinyu Xing and Taesoo Kim and Wenke Lee},
  crossref      = {CCS15},
  www-section   = sec-sandbox,
}

@InProceedings{lu:aslr,
  title         = {{ASLR-Guard: Stopping Address Space Leakage for Code Reuse Attacks} (to appear)},
  author        = {Kangjie Lu and Chengyu Song and Byoungyoung Lee and Simon P. Chung and Taesoo Kim and Wenke Lee},
  crossref      = {CCS15},
  www-section   = sec-syssec,
}

@InProceedings{kim:volte,
  title         = {{Breaking and Fixing VoLTE: Exploiting Hidden Data Channels and Mis-implementations} (to appear)},
  author        = {Hongil Kim and Dongkwan Kim and Minhee Kwon and Hyungseok Han and Yeongjin Jang and Dongsu Han and Taesoo Kim and Yongdae Kim},
  crossref      = {CCS15},
  www-section   = sec-cellular,
}

@InProceedings{min:juxta,
  title         = {{Cross-checking Semantic Correctness: The Case of Finding File System Bugs} (to appear)},
  author        = {Changwoo Min and Sanidhya Kashyap and Byoungyoung Lee and Chengyu Song and Taesoo Kim},
  crossref      = {SOSP15},
  www-section   = sec-fs,
}

@InProceedings{kashyap:oticket,
  title         = {{Scalability In The Clouds! A Myth Or Reality?}},
  author        = {Sanidhya Kashyap and Changwoo Min and Taesoo Kim},
  crossref      = {APSYS15},
  www-section   = sec-cloud,
  www-url       = "https://lwn.net/Articles/650776/",
}

@InProceedings{lee:caver,
  title         = {{Type Casting Verification}: Stopping an Emerging Attack Vector},
  author        = {Byoungyoung Lee and Chengyu Song and Taesoo Kim and Wenke Lee},
  crossref      = {SEC15},
  www-section   = sec-syssec,
}

@InProceedings{min:cfs,
  title         = {{Lightweight Application-Level Crash Consistency on Transactional Flash Storage}},
  author        = {Changwoo Min and Woon-Hak Kang and Taesoo Kim and Sang-Won Lee and Young Ik Eom},
  crossref      = {ATC15},
  www-section   = sec-fs,
}

@InProceedings{han:metasync,
  title         = {{MetaSync}: File Synchronization Across Multiple Untrusted Storage Services},
  author        = {Seungyeop Han and Haichen Shen and Taesoo Kim and Arvind Krishnamurthy and Thomas Anderson and David Wetherall},
  crossref      = {ATC15},
  www-section   = sec-cloud,
  www-url       = "http://uwnetworkslab.github.io/metasync",
}

@InProceedings{lee:dangnull,
  title         = {Preventing Use-after-free with Dangling Pointers Nullification},
  author        = {Byoungyoung Lee and Chengyu Song and Yeongjin Jang and Tielei Wang and Taesoo Kim and Long Lu and Wenke Lee},
  crossref      = {NDSS15},
  www-section   = sec-syssec,
  www-url       = "https://sslab.gtisc.gatech.edu/pages/eshard-extreme-software-hardening.html",
}

%% 2014
@InProceedings{lee:morula,
  title         = {{From Zygote to Morula}: Fortifying weakened {ASLR} on {Android}},
  author        = {Byoungyoung Lee and Long Lu and Tielei Wang and Taesoo Kim and Wenke Lee},
  crossref      = {SP14},
  www-section   = sec-syssec,
  www-url       = "https://github.com/lifeasageek/morula",
  www-git       = "https://github.com/lifeasageek/morula",
}

@inproceedings{chen:rail,
  title         = {Identifying information disclosure in web applications with retroactive auditing},
  author        = {Haogang Chen and Taesoo Kim and Xi Wang and Nickolai Zeldovich and M. Frans Kaashoek},
  crossref      = {OSDI14},
  www-section   = sec-auditing,
  www-url       = "https://github.com/haogang/rail",
}

%% 2013
@inproceedings{chandra:aire,
  title         = {Asynchronous Intrusion Recovery for Interconnected Web Services},
  author        = {Ramesh Chandra and Taesoo Kim and Nickolai Zeldovich},
  crossref      = {SOSP13},
  www-section   = sec-auditing,
}

@inproceedings{chen:vmsec,
  title         = {Security Bugs in Embedded Interpreters},
  author        = {Haogang Chen and Cody Cutler and Taesoo Kim and Yandong Mao and Xi Wang and Nickolai Zeldovich and M. Frans Kaashoek},
  crossref      = {APSYS13},
  www-section   = sec-syssec,
}

@inproceedings{kim:tao,
  title         = {Optimizing Unit Test Execution in Large Software Programs using Dependency Analysis},
  author        = {Taesoo Kim and Ramesh Chandra and Nickolai Zeldovich},
  crossref      = {APSYS13},
  www-section   = sec-testing,
}

@inproceedings{kim:mbox,
  title         = {Practical and Effective Sandboxing for Non-root Users},
  author        = {Taesoo Kim and Nickolai Zeldovich},
  crossref      = {ATC13},
  www-section   = sec-sandbox,
  www-url       = "http://pdos.csail.mit.edu/mbox"
}

% 2012
@inproceedings{kim:poirot,
  title         = {Efficient Patch-based Auditing for Web Application Vulnerabilities},
  author        = {Taesoo Kim and Ramesh Chandra and Nickolai Zeldovich},
  crossref      = {OSDI12},
  www-section   = sec-auditing,
  www-url       = "http://css.csail.mit.edu/undo",
}

@inproceedings{kim:dare,
  title         = {Recovering from Intrusions in Distributed Systems with {Dare}},
  author        = {Taesoo Kim and Ramesh Chandra and Nickolai Zeldovich},
  crossref      = {APSYS12},
  www-section   = sec-recovery,
}

@inproceedings{kim:stealthmem,
  title         = {{StealthMem}: System-Level Protection Against Cache-based Side Channel Attacks in the Cloud},
  author        = {Taesoo Kim and Marcus Peinado and Gloria Mainar-Ruiz},
  crossref      = {SEC12},
  www-section   = sec-cloud,
}

% 2011
@inproceedings{chandra:warp,
  title         = {Intrusion Recovery for Database-backed Web Applications},
  author        = {Ramesh Chandra and Taesoo Kim and Meelap Shah and Neha Narula and Nickolai Zeldovich},
  crossref      = {SOSP11},
  www-section   = sec-auditing,
  www-url       = "http://css.csail.mit.edu/undo",
}

% 2010
@inproceedings{kim:retro,
  title         = {Intrusion recovery using selective re-execution},
  author        = {Taesoo Kim and Xi Wang and Nickolai Zeldovich and M. Frans Kaashoek},
  crossref      = {OSDI10},
  www-section   = sec-recovery,
  www-url       = "http://css.csail.mit.edu/undo",
}

@inproceedings{kim:userfs,
  title         = {Making {Linux} Protection Mechanisms Egalitarian with {UserFS}},
  author        = {Taesoo Kim and Nickolai Zeldovich},
  crossref      = {SEC10},
  www-section   = sec-syssec,
}
