@misc{tmpfs,
  title     = {{Tmpfs is a file system which keeps all files in virtual memory}},
  author    = {Rohland, Christoph},
  year      = {2001},
  note      = {\URL{git.kernel.org/cgit/linux/kernel/git/torvalds/linux.git/tree/Documentation/filesystems/tmpfs.txt}},
}

@misc{lwn:vfsscalability,
  author    = {Corbet, Jonathan},
  title     = {{JLS: Increasing VFS scalability}},
  year      = {2009},
  note      = {\URL{https://lwn.net/Articles/360199/}},
}

@misc{lwn:dcachescalability,
  author    = {Corbet, Jonathan},
  title     = {{Dcache scalability and RCU-walk}},
  year      = {2010},
  note      = {\URL{https://lwn.net/Articles/419811/}},
}

@inproceedings{gruenwald:hare,
  title={{Hare: a file system for non-cache-coherent multicores}},
  author={Gruenwald III, Charles and Sironi, Filippo and Kaashoek, M Frans and Zeldovich, Nickolai},
  crossref  = {EUROSYS15},
}

@inproceedings{kang:spanfs,
  title={{SpanFS: a scalable file system on fast storage devices}},
  author={Kang, Junbin and Zhang, Benlong and Wo, Tianyu and Yu, Weiren and Du, Lian and Ma, Shuai and Huai, Jinpeng},
  crossref  = {ATC15},
}

@inproceedings{ahmad:vic,
  title={{vIC: Interrupt coalescing for virtual machine storage device IO}},
  author={Ahmad, Irfan and Gulati, Ajay and Mashtizadeh, Ali},
  crossref  = {ATC11},
}
@misc{intelmanual,
    title   = {{Intel 64 and IA-32 Architectures Software Developer Manuals}},
    note    = {\URL{http://www.intel.com/content/www/us/en/processors/architectures-software-developer-manuals.html}},
    year    = {2015},
}

@inproceedings{johnson:shoremt,
 author = {Johnson, Ryan and Pandis, Ippokratis and Hardavellas, Nikos and Ailamaki, Anastasia and Falsafi, Babak},
 title = {{Shore-MT: A Scalable Storage Manager for the Multicore Era}},
 booktitle = {Proceedings of the 12th International Conference on Extending Database Technology: Advances in Database Technology},
 series = {EDBT '09},
 year = {2009},
 location = {Saint Petersburg, Russia},
 pages = {24--35},
 numpages = {12},
 publisher = {ACM},
}

@misc{hanadb,
    title   = {{SAP HANA}},
    author    = {},
    note    = {\URL{http://hana.sap.com/abouthana.html/}},
    year    = {2015},
}

@misc{fakeroot,
    title   = {{FakeRoot}},
    author  = {Witteveen, Joost and Adams, Clint and Savola, Timo},
    year    = {2014},
    note    = {\URL{https://wiki.debian.org/FakeRoot}},
}

@inproceedings{mapreduce,
    author = {Dean, Jeffrey and Ghemawat, Sanjay},
    title = {MapReduce: Simplified Data Processing on Large Clusters},
    crossref = {OSDI04},
} 

@inproceedings{grappa,
    author = {Nelson, Jacob and Holt, Brandon and Myers, Brandon and Briggs, Preston and Ceze, Luis and Kahan, Simon and Oskin, Mark},
    title = {Latency-tolerant Software Distributed Shared Memory},
    pages = {291--305},
    crossref = {ATC15},
}

@inproceedings{mbox,
    author = {Kim, Taesoo and Zeldovich, Nickolai},
    title = {Practical and Effective Sandboxing for Non-root Users},
    pages = {139--144},
    crossref = {ATC13},
} 

@misc{flcow,
    author = {David, Libenzi},
    title = {{FL-COW}},
    year = {2013},
    note = {\URL{http://xmailserver.org/flcow.html}},
}

@misc{fakeroot-ng,
    author = {Shachar, Shemesh},
    title = {{FakeRoot-NG}},
    year = {2014},
    note = {\URL{http://fakeroot-ng.lingnu.com/index.php/Home_Page}},
}

@misc{pseudo,
    author = {},
    title = {{Pseudo}},
    year = {2015},
    note = {\URL{https://www.yoctoproject.org/tools-resources/projects/pseudo}},
}

@misc{lxc,
    author = {},
    title = {{Linux Containers}},
    year = {2003},
    note = {\URL{https://linuxcontainers.org/}},
}

@misc{plan9,
    author = {Rob, Pike and Dave, Presotto and Sean, Dorward and Ken, Thompson and Howard, Trickey and Phil, Winterbottom},
    title = {{Plan 9 from Bell Labs}},
    year = {1990},
    booktitle = {Proceedings of the Summer 1990 UKUUG Conference},
    pages = {1--9},
}

@inproceedings {numa-asymmetry,
    author = {Baptiste, Lepers and Vivien, Quema and Alexandra, Fedorova},
    title = {Thread and Memory Placement on NUMA Systems: Asymmetry Matters},
    year = {2015},
    pages = {277--289},
    crossref = {ATC15},
}

@article{scheduling-techns,
    author = {Zhuravlev, Sergey and Saez, Juan Carlos and Blagodurov, Sergey and Fedorova, Alexandra and Prieto, Manuel},
    title = {Survey of Scheduling Techniques for Addressing Shared Resources in Multicore Processors},
    journal = {ACM Comput. Surv.},
    issue_date = {November 2012},
    volume = {45},
    number = {1},
    year = {2012},
    pages = {4:1--4:28},
}

@misc{numa-hashtables,
    author = {Davidlohr, Bueso},
    title = {{futexes and hash table collisions}},
    year = {2014},
    note = {\URL{http://blog.stgolabs.net/2014/01/futexes-and-hash-table-collisions.html}},
}

@INPROCEEDINGS{ostia,
    author = {Tal Garfinkel and Ben Pfaff and Mendel Rosenblum},
    title = {Ostia: A Delegating Architecture for Secure System Call Interposition},
    booktitle = {{Proceedings of the 2004 Annual Network and Distributed System Security Symposium (NDSS)}},
    year = {2004},
}
