@article{ADIOS,
  title={Hello ADIOS: the challenges and lessons of developing leadership class I/O frameworks},
  author={Liu, Qing and Logan, Jeremy and Tian, Yuan and Abbasi, Hasan and Podhorszki, Norbert and Choi, Jong Youl and Klasky, Scott and Tchoua, Roselyne and Lofstead, Jay and Oldfield, Ron and others},
  journal={Concurrency and Computation: Practice and Experience},
  volume={26},
  number={7},
  pages={1453--1473},
  year={2014},
  publisher={Wiley Online Library}
}

@inproceedings{Flexpath,
  title={Flexpath: Type-Based Publish/Subscribe System for Large-Scale Science Analytics},
  author={Dayal, Jai and Bratcher, Dick and Eisenhauer, Greg and Schwan, Karsten and Wolf, Michael and Zhang, Xuechen and Abbasi, Hasan and Klasky, Scott and Podhorszki, Norbert},
  booktitle={Cluster, Cloud and Grid Computing (CCGrid), 2014 14th IEEE/ACM International Symposium on},
  pages={246--255},
  year={2014},
  organization={IEEE}
}


% fix SODA
@inproceedings{SODA,
  title={SODA: Science-driven Orchestration of Data Analytics},
  author={Dayal, Jai and Schwan, Karsten and Wolf, Matthew and Eisenhauer, Greg and
          Lofstead, Jay and Abbasi, Hasan and Klasky, Scott},
  booktitle={eScience, 2015. eScience'15. IEEE 11th International Conference on},
  pages={285--292},
  year={2015},
  organization={IEEE}
}

@article{exaHDF5,
  title={ExaHDF5: An I/O Platform for Exascale Data Models, Analysis and Performance},
  author={Prabhat, Quincey Koziol and Schuchardt, Karen and Bethel, E Wes and Chuo, Jerry and Howison, Mark and McGreevy, Mike and Palmer, Bruce and Ruebel, Oliver and Wu, Kesheng},
  journal={SciDAC 2011}
}

@misc{Catalyst,
  title={ParaView Catalyst for In situ Analysis},
  howpublished={http://www.paraview.org/in-situ/},
}

@article{libSim,
  title={Parallel in situ coupling of simulation with a fully featured visualization system},
  author={Kuhlen, T and Pajarola, R and Zhou, K},
  year={2011}
}

@inproceedings{Glean,
  title={Toward simulation-time data analysis and i/o acceleration on leadership-class systems},
  author={Vishwanath, Venkatram and Hereld, Mark and Papka, Michael E},
  booktitle={Large Data Analysis and Visualization (LDAV), 2011 IEEE Symposium on},
  pages={9--14},
  year={2011},
  organization={IEEE}
}
