@manual{latex,
 author = {Oetiket, T. and Partl, H. and Hyna and Schlegl, E.},
 title  = {{The not-so-short introduction to Latex}},
 year   = 1995,
 note   = {\URL{http://www.ctan.org/tex-archive/info/lshort/english/lshort.pdf}}
}

@article{plimpton2007lammps,
  title={LAMMPS-large-scale atomic/molecular massively parallel simulator},
  author={Plimpton, Steve and Crozier, Paul and Thompson, Aidan},
  journal={Sandia National Laboratories},
  volume={18},
  year={2007}
}

@inproceedings{ranger2007evaluating,
  title={Evaluating mapreduce for multi-core and multiprocessor systems},
  author={Ranger, Colby and Raghuraman, Ramanan and Penmetsa, Arun and Bradski, Gary and Kozyrakis, Christos},
  booktitle={High Performance Computer Architecture, 2007. HPCA 2007. IEEE 13th International Symposium on},
  pages={13--24},
  year={2007},
  organization={Ieee}
}

@article{lamport1978time,
  title={Time, clocks, and the ordering of events in a distributed system},
  author={Lamport, Leslie},
  journal={Communications of the ACM},
  volume={21},
  number={7},
  pages={558--565},
  year={1978},
  publisher={ACM}
}

@inproceedings{dreher:2016:bredala,
  title={Bredala: Semantic Data Redistribution for In Situ Applications},
  author={Dreher, Matthieu and Peterka, Tom},
  booktitle={Proceedings of the 16th IEEE/ACM International Symposium on Cluster, Cloud and Grid Computing},
  year={2016},
  organization={Ieee}
}

@misc{chaarawi:2013:hdf5-vol,
  author    = {Mohamed Chaarawi},
  title     = {{HDF5 Virtual Object Layer}},
  year      = {2013},
  note      = {\url{http://tinyurl.com/qj3glq5}},
}

@misc{mckesson-workflow,
  author = {McKesson},
  title = {FormFast},
  year = {2016},
  note = {\url{http://formfast.com/platform/integrate/ehr-integration/mckesson/}}
}

@misc{wfmc,
  author = {wfmc},
  title = {Workflow Management Coalition},
  year = {2016},
  note = {\url{http://wwww.wfmc.org/}}
}

@inproceedings{eisenhauer:2011:ffs,
  title={A type system for high performance communication and computation},
  author={Eisenhauer, Greg and Wolf, Matthew and Abbasi, Hasan and Klasky, Scott and Schwan, Karsten},
  booktitle={e-Science Workshops (eScienceW), 2011 IEEE Seventh International Conference on},
  pages={183--190},
  year={2011},
  organization={IEEE}
}
